@book{
    bohlmann1,
    title = "Lebensversicherungsmethodik",
    author = "G. Bohlman",
    series = "Enzyklop{\"a}die der Mathematischen Wissenschaften, Bd.1, Teil II",
    location = "Leipzig",
    year = "1900-1904",
    pages = "857-917"
}