@book{
    bohlmann1,
    title = "Lebensversicherungsmethodik",
    author = "G. Bohlman",
    series = "Enzyklop{\"a}die der Mathematischen Wissenschaften, Bd.1, Teil II",
    location = "Leipzig",
    year = "1900-1904",
    pages = "857-917"
}

@book{
    keynes1,
    author = "J. M. Keynes",
    title = "A Treatise on Probability",
    location = "London and New York 1921",
    edition = "II",
    year = "1929"
}

@book{
    kolmogoroff1,
    author = "A. Kolmogoroff",
    title = "Grunbegriffe der Wahrscheinlichkeitsrechnung",
    series = "Ergebnisse der Mathematik II.3 (1933)"
}

@book{
    mises1,
    author = "R. Mises",
    title = "Wahrscheinlichkeitsrechnung und ihre Anwendung in der Statistik und theoretischen Physik",
    location = "Wien",
    year = "1931"
}

@book{
    tarski1,
    author = "A. Tarski",
    title = "O logice matematycznej i metodzie dedukcyjnej",
    location = "Lwów-Warszawa, w szczególności str. 85-89"
}

@book{
    huntington1,
    author = "E. V. Huntington",
    title = "Sets of independent postulates for the algebra of logic",
    location = "Transations of the American Mathematical Society 5 (1904)",
    pages = "288-309"
}

@book{
    birkhoff1,
    author = "G. Birkhoff",
    title = "Lattice Theory",
    location = "New York 1948, II wyd."
}